% Example bibliography file.
% Change the entries to match your references.

@misc{bibeg,
  author       = {J. Groeppelhaus},
  title        = {Java 5.7 tutorial: Design of a full adder},
  note         = {Class notes for ECE 290, Department of Electrical and Computer Engineering, University of Illinois at Urbana-Champaign},
  year         = 2011,
}
